@book{techbook,
  title={The Technical Writer's Handbook},
  author={M. Young},
  year={1989},
  publisher={CA: University Science}
}

@book{h264book,
  title={The H. 264 advanced video compression standard},
  author={Richardson, Iain E},
  year={2011},
  publisher={John Wiley \& Sons}
}

@article{metrics,
  title={Image quality assessment: from error visibility to structural similarity},
  author={Wang, Zhou and Bovik, Alan C and Sheikh, Hamid R and Simoncelli, Eero P and others},
  journal={IEEE transactions on image processing},
  volume={13},
  number={4},
  pages={600--612},
  year={2004}
}